@book{Alexandrescu:2010:DPL:1875434,
    author = {Alexandrescu, Andrei},
    title = "{The D Programming Language}",
    year = {2010},
    isbn = {0321635361, 9780321635365},
    edition = {1st},
    publisher = {Addison-Wesley Professional},
    annote = "An overview of the features of the D Programming Language by
        Andrei Alexandrescu, a developer of D. The book includes a foreward by
        Walter Bright, the creator of D, and Scott Meyers, a C++ specialist.
        The book is written for programmers, especially those that already know
        a C-like language."
}

@article{Allison:2010:DPL:1858583.1858599,
    author = {Allison, Charles D.},
    title = {D: A Programming Language for Our Time},
    journal = {J. Comput. Sci. Coll.},
    issue_date = {December 2010},
    volume = {26},
    number = {2},
    month = dec,
    year = {2010},
    issn = {1937-4771},
    pages = {113--119},
    numpages = {7},
    url = {http://dl.acm.org/citation.cfm?id=1858583.1858599},
    acmid = {1858599},
    publisher = {Consortium for Computing Sciences in Colleges},
    address = {USA},
    annote = "A brief introduction to programming in D. The article introduces
        some of D's basic data types, offers a few code examples, and outlines
        the features of D that are particularly useful for writing maintainable
        code. The article also discusses how to compile and link D binaries."
}

@article{Armaly:2007:DPL:1234292.1234301,
    author = {Armaly, Ameer},
    title = "{The D Programming Language}",
    journal = {Linux J.},
    issue_date = {March 2007},
    volume = {2007},
    number = {155},
    month = mar,
    year = {2007},
    issn = {1075-3583},
    pages = {9--},
    url = {http://dl.acm.org/citation.cfm?id=1234292.1234301},
    acmid = {1234301},
    publisher = {Belltown Media},
    address = {Houston, TX},
    annote = "A discussion of some of the features of D. Includes many code
        examples. Serves as reference to D's syntax."
}

@inproceedings{Matsakis:2014:RL:2663171.2663188,
    author = {Matsakis, Nicholas D. and Klock,II, Felix S.},
    title = "{The Rust Language}",
    booktitle = {Proceedings of the 2014 ACM SIGAda Annual Conference on High Integrity Language Technology},
    series = {HILT '14},
    year = {2014},
    isbn = {978-1-4503-3217-0},
    location = {Portland, Oregon, USA},
    pages = {103--104},
    numpages = {2},
    url = {http://doi.acm.org/10.1145/2663171.2663188},
    doi = {10.1145/2663171.2663188},
    acmid = {2663188},
    publisher = {ACM},
    address = {New York, NY, USA},
    keywords = {affine type systems, memory management, rust, systems programming},
    annote = "Examines the emphasis of memory safety in Rust. The paper
        describes how Rust incorporates the idea of ownership derived from C++
        into its type system. The article also includes an outline of Rust's
        core goals."
}

@techreport{iso/iec,
    title = "{Standard for Programming Language C++}",
    publisher = "ANSI",
    year = "2011",
    number = "14882:2011",
    url = {http://webstore.ansi.org/RecordDetail.aspx?sku=INCITS%2fISO%2fIEC+14882-2012},
    annote = "The C++ standard is an extremely detailed specification of C++.
        The document defines exactly how an implementation of the language
        should work. However, it is important to note that there also exist
        specific cases where behavior is \textit{undefined}."
}

@book{Dewhurst:2005:CCK:1050971,
     author = {Dewhurst, Stephen C.},
     title = {C++ Common Knowledge: Essential Intermediate Programming},
     year = {2005},
     isbn = {0321321928},
     publisher = {Addison-Wesley Professional},
     annote = "A guide to C++ programming in the context of software
         development. The book includes descriptions of how classic design
         patterns might be implemented in C++."
}

@book{Seacord:2013:SCC:2530475,
    author = {Seacord, Robert C.},
    title = {Secure Coding in C and C++},
    year = {2013},
    isbn = {0321822137, 9780321822130},
    edition = {2nd},
    publisher = {Addison-Wesley Professional},
    annote = "This book describes the common security pitfalls present in C and
        C++, and how a programmer should avoid them. Topics covered include
        overflow, buffer overruns, data races, and others."
}

@misc{Cratesio,
    author = "{Rust Project Developers}",
    title = "{The Rust community's crate host}",
    year = 2014,
    howpublished = "\url{https://crates.io}",
}

@misc{Ruststandard,
    author = "{Rust Project Developers}",
    title = "{The Rust Reference}",
    year = 2014,
    edition = "0.13.0-nightly",
    howpublished = "\url{http://doc.rust-lang.org/reference.html}",
    annote = "While Rust does not have an official language standard, the Rust
        reference serves as a very in-depth guide to the language. In addition
        to the language's formal grammar, the document includes a discussion of
        Rust's ABI and runtime semantics."
}

@misc{RustGuide,
    author = "{Rust Project Developers}",
    title = "{The Rust Guide}",
    year = 2014,
    edition = "0.13.0-nightly",
    howpublished = "\url{http://doc.rust-lang.org/guide.html}",
    annote = "The Rust Guide serves as a friendly introduction to programming
        in Rust. It includes instructions on how to install the language,
        compile Rust programs, and execute Rust binaries. The guide walks the
        user through a number of example programs while explaining key Rust
        features."
}

@misc{RustPointerGuide,
    author = "{Rust Project Developers}",
    title = "{The Rust Pointer Guide}",
    year = 2014,
    edition = "0.13.0-nightly",
    howpublished = "\url{http://doc.rust-lang.org/guide-pointers.html}",
    annote = "An in-depth guide to Rust's different pointer types and best
        practices. Unfortunately, at the time of this writing, many sections of
        the guide are incomplete."
}

@book{CppReference,
    author = "{Olsson, Mikael}",
    title = "{C++ Quick Syntax Reference}",
    publisher = "{Apress}",
    year = 2013,
    isbn = {9781430262787},
    annote = "A very brief overview of C++ syntax. Outlines most C++ constructs
        with a short discussion of the associated semantics."
}

@misc{cppford,
    author = "Digital Mars",
    title = "{Programming in D for C++ Programmers}",
    year = 2014,
    howpublished = "\url{http://dlang.org/cpptod.html}",
    annote = "A summary of various C++ language features and how they might be
        translated to D. Highlights some of the more unsafe parts of C++ and
        shows how D addresses such dangers."
}

@book{stroustrup2013the,
    author = {Stroustrup, Bjarne},
    title = "{The C++ Programming Language}",
    publisher = {Addison-Wesley},
    year = {2013},
    address = {Upper Saddle River, NJ},
    isbn = {978-0321563842},
    annote = "A very detailed guide to C++, writted by the original author of
        the language. Covers virtually all aspects of C++."
}

@misc{Doverview,
    author = "Digital Mars",
    title = "{Overview - The D Programming Language}",
    year = 2014,
    howpublished = "\url{http://dlang.org/overview.html}",
    annote = "The official overview of the D language. Outlines most of D's
        features. Also includes a discussion of D's design philosophy."
}

@misc{pretod,
    author = "Digital Mars",
    title = "{The C Preprocessor vs D}",
    year = 2014,
    howpublished = "\url{http://dlang.org/pretod.html}",
}

@article{comparingFunctional,
    year={2003},
    issn={1388-3690},
    journal={Higher-Order and Symbolic Computation},
    volume={16},
    number={3},
    doi={10.1023/A:1025641323400},
    title={Comparing Parallel Functional Languages: Programming and Performance},
    url={http://dx.doi.org/10.1023/A%3A1025641323400},
    publisher={Kluwer Academic Publishers},
    keywords={parallel computation; functional programming; skeletons, implicit
        parallelism; automatic task decomposition; load balancing; Haskell;
        ML},
    author={Loidl, H.-W. and Rubio, F. and Scaife, N. and Hammond, K. and
        Horiguchi, S. and Klusik, U. and Loogen, R. and Michaelson, G.J. and
            Peña, R. and Priebe, S. and Rebón, Á.J. and Trinder, P.W.},
    pages={203-251},
    language={English}
}

@inproceedings{AlGhamdi:1993:CAP:162754.162876,
    author = {AlGhamdi, Jarallah and Urban, Joseph},
    title = {Comparing and Assessing Programming Languages: Basis for a
        Qualitative Methodology},
    booktitle = {Proceedings of the 1993 ACM/SIGAPP Symposium on Applied
        Computing: States of the Art and Practice},
    series = {SAC '93},
    year = {1993},
    isbn = {0-89791-567-4},
    location = {Indianapolis, Indiana, USA},
    pages = {222--229},
    numpages = {8},
    url = {http://doi.acm.org/10.1145/162754.162876},
    doi = {10.1145/162754.162876},
    acmid = {162876},
    publisher = {ACM},
    address = {New York, NY, USA},
    keywords = {assessment, comparison, programming languages, qualitative
        methodology},
}

@article{Feuer:1982:CPL:356869.356872,
    author = {Feuer, Alan R. and Gehani, Narain H.},
    title = "{Comparison of the Programming Languages C and Pascal}",
    journal = {ACM Comput. Surv.},
    issue_date = {March 1982},
    volume = {14},
    number = {1},
    month = mar,
    year = {1982},
    issn = {0360-0300},
    pages = {73--92},
    numpages = {20},
    url = {http://doi.acm.org/10.1145/356869.356872},
    doi = {10.1145/356869.356872},
    acmid = {356872},
    publisher = {ACM},
    address = {New York, NY, USA},
}

@article{Shahriar:2012:MPS:2187671.2187673,
    author = {Shahriar, Hossain and Zulkernine, Mohammad},
    title = {Mitigating Program Security Vulnerabilities: Approaches and
        Challenges},
    journal = {ACM Comput. Surv.},
    issue_date = {June 2012},
    volume = {44},
    number = {3},
    month = jun,
    year = {2012},
    issn = {0360-0300},
    pages = {11:1--11:46},
    articleno = {11},
    numpages = {46},
    url = {http://doi.acm.org/10.1145/2187671.2187673},
    doi = {10.1145/2187671.2187673},
    acmid = {2187673},
    publisher = {ACM},
    address = {New York, NY, USA},
    keywords = {Program security vulnerability mitigation, hybrid analysis,
        patching, program transformation, secure programming, static analysis,
        vulnerability testing},
}

@inproceedings{Hoppe:2013:DBG:2509136.2509528,
 author = {Hoppe, Michael and Hanenberg, Stefan},
 title = {Do Developers Benefit from Generic Types?: An Empirical Comparison of
     Generic and Raw Types in Java},
 booktitle = {Proceedings of the 2013 ACM SIGPLAN International Conference on
     Object Oriented Programming Systems Languages \&\#38; Applications},
 series = {OOPSLA '13},
 year = {2013},
 isbn = {978-1-4503-2374-1},
 location = {Indianapolis, Indiana, USA},
 pages = {457--474},
 numpages = {18},
 url = {http://doi.acm.org/10.1145/2509136.2509528},
 doi = {10.1145/2509136.2509528},
 acmid = {2509528},
 publisher = {ACM},
 address = {New York, NY, USA},
 keywords = {empirical research, generic types, programming languages, type
     systems},
}

@misc{gnupreproc,
    author = {The Free Software Foundation},
    title = "{Macro Pitfalls}",
    year = {2015},
    url = {https://gcc.gnu.org/onlinedocs/cpp/Duplication-of-Side-Effects.html#Duplication-of-Side-Effects}
}
